@inproceedings{caruana1999case,
  title={Case-based explanation of non-case-based learning methods.},
  author={Caruana, Rich and Kangarloo, Hooshang and Dionisio, JD and Sinha, Usha and Johnson, David},
  booktitle={Proceedings of the AMIA Symposium},
  pages={212},
  year={1999},
  organization={American Medical Informatics Association}
}
@article{lamy2019explainable,
	title={Explainable artificial intelligence for breast cancer: A visual case-based reasoning approach},
	author={Lamy, Jean-Baptiste and Sekar, Boomadevi and Guezennec, Gilles and Bouaud, Jacques and S{\'e}roussi, Brigitte},
	journal={Artificial intelligence in medicine},
	volume={94},
	pages={42--53},
	year={2019},
	publisher={Elsevier}
}
@article{nugent2005case,
	title={A case-based explanation system for black-box systems},
	author={Nugent, Conor and Cunningham, P{\'a}draig},
	journal={Artificial Intelligence Review},
	volume={24},
	number={2},
	pages={163--178},
	year={2005},
	publisher={Springer}
}
@article{lamy2017rainbow,
	title={Rainbow boxes: a new technique for overlapping set visualization and two applications in the biomedical domain},
	author={Lamy, Jean-Baptiste and Berthelot, H{\'e}l{\`e}ne and Capron, Coralie and Favre, Madeleine},
	journal={Journal of Visual Languages \& Computing},
	volume={43},
	pages={71--82},
	year={2017},
	publisher={Elsevier}
}
@inproceedings{keane2019case,
	title={How case-based reasoning explains neural networks: A theoretical analysis of XAI using post-hoc explanation-by-example from a survey of ANN-CBR twin-systems},
	author={Keane, Mark T and Kenny, Eoin M},
	booktitle={International Conference on Case-Based Reasoning},
	pages={155--171},
	year={2019},
	organization={Springer}
}
@inproceedings{cunningham2003evaluation,
	title={An evaluation of the usefulness of case-based explanation},
	author={Cunningham, P{\'a}draig and Doyle, D{\'o}nal and Loughrey, John},
	booktitle={International Conference on Case-Based Reasoning},
	pages={122--130},
	year={2003},
	organization={Springer}
}
@inproceedings{massie2004visualisation,
	title={Visualisation of case-base reasoning for explanation},
	author={Massie, Stewart and Craw, Susan and Wiratunga, Nirmalie},
	booktitle={Proceedings of the ECCBR},
	pages={135--144},
	year={2004}
}
@inproceedings{ghorbani2019towards,
	title={Towards automatic concept-based explanations},
	author={Ghorbani, Amirata and Wexler, James and Zou, James Y and Kim, Been},
	booktitle={Advances in Neural Information Processing Systems},
	pages={9277--9286},
	year={2019}
}
@book{lipton2004inference,
	title={Inference to the best explanation},
	author={Lipton, Peter},
	year={2004},
	publisher={Taylor \& Francis}
}
@article{lipton2018mythos,
	title={The mythos of model interpretability},
	author={Lipton, Zachary C},
	journal={Queue},
	volume={16},
	number={3},
	pages={31--57},
	year={2018},
	publisher={ACM New York, NY, USA}
}
@book{molnar2020interpretable,
	title={Interpretable Machine Learning},
	author={Molnar, Christoph},
	year={2020},
	publisher={Lulu. com}
}
